@article{larsson2017massive,
  title={Massive MIMO for 5G},
  journal={Digital Signal Processing},
  author={Larsson, Erik G and Van der Perre, Liesbet},
  year={2017},
  publisher={IEEE}
}

@article{wen2019survey,
  title={A survey on 5G massive MIMO localization},
  author={Wen, Fuxi and Wymeersch, Henk and Peng, Bile and Tay, Wee Peng and So, Hing Cheung and Yang, Diange},
  journal={Digital Signal Processing},
  volume={94},
  pages={21--28},
  year={2019},
  publisher={Elsevier}
}

@article{agiwal2016next,
  title={Next generation 5G wireless networks: A comprehensive survey},
  author={Agiwal, Mamta and Roy, Abhishek and Saxena, Navrati},
  journal={IEEE Communications Surveys \& Tutorials},
  volume={18},
  number={3},
  pages={1617--1655},
  year={2016},
  publisher={IEEE}
}

@article{lopez2021survey,
  title={A Survey on 5G Energy Efficiency: Massive MIMO, Lean Carrier Design, Sleep Modes, and Machine Learning},
  author={Lopez-Perez, David and De Domenico, Antonio and Piovesan, Nicola and Baohongqiang, Harvey and Xinli, Geng and Qitao, Song and Debbah, Merouane},
  journal={arXiv preprint arXiv:2101.11246},
  year={2021}
}

@inproceedings{riadi2017overview,
  title={An overview of massive-MIMO in 5G wireless communications},
  author={Riadi, Abdelhamid and Boulouird, Mohamed and Hassani, Moha M’Rabet},
  booktitle={Colloque international TELECOM},
  pages={10--12},
  year={2017}
}

@article{papadopoulos2016massive,
  title={Massive MIMO technologies and challenges towards 5G},
  author={Papadopoulos, Haralabos and Wang, Chenwei and Bursalioglu, Ozgun and Hou, Xiaolin and Kishiyama, Yoshihisa},
  journal={IEICE Transactions on Communications},
  volume={99},
  number={3},
  pages={602--621},
  year={2016},
  publisher={The Institute of Electronics, Information and Communication Engineers}
}

@article{li2010mimo,
  title={MIMO techniques in WiMAX and LTE: a feature overview},
  author={Li, Qinghua and Li, Guangjie and Lee, Wookbong and Lee, Moon-il and Mazzarese, David and Clerckx, Bruno and Li, Zexian},
  journal={IEEE Communications magazine},
  volume={48},
  number={5},
  pages={86--92},
  year={2010},
  publisher={IEEE}
}

@article{ngo2013energy,
  title={Energy and spectral efficiency of very large multiuser MIMO systems},
  author={Ngo, Hien Quoc and Larsson, Erik G and Marzetta, Thomas L},
  journal={IEEE Transactions on Communications},
  volume={61},
  number={4},
  pages={1436--1449},
  year={2013},
  publisher={IEEE}
}

@inproceedings{palacios2017jade,
  title={JADE: Zero-knowledge device localization and environment mapping for millimeter wave systems},
  author={Palacios, Joan and Casari, Paolo and Widmer, Joerg},
  booktitle={IEEE INFOCOM 2017-IEEE Conference on Computer Communications},
  pages={1--9},
  year={2017},
  organization={IEEE}
}

@inproceedings{mendrzik2018joint,
  title={Joint localization and mapping through millimeter wave MIMO in 5G systems},
  author={Mendrzik, Rico and Wymeersch, Henk and Bauch, Gerhard},
  booktitle={2018 IEEE Global Communications Conference (GLOBECOM)},
  pages={1--6},
  year={2018},
  organization={IEEE}
}

@article{hu2014esprit,
  title={An ESPRIT-based approach for 2-D localization of incoherently distributed sources in massive MIMO systems},
  author={Hu, Anzhong and Lv, Tiejun and Gao, Hui and Zhang, Zhang and Yang, Shaoshi},
  journal={IEEE Journal of Selected Topics in Signal Processing},
  volume={8},
  number={5},
  pages={996--1011},
  year={2014},
  publisher={IEEE}
}

@article{gpp201536,
  title={36.897 v13. 0.0,“},
  author={GPP, TR},
  journal={Study on elevation beamforming/fulldimension (FD) MIMO for LTE,” November},
  year={2015}
}